@article{MacLeodArticle,
	title = {A {S}marter {W}ay to {F}ind {P}itch},
	author = {Philip McLeod and Geoff Wyvill},
	address = {Barcelona, Spain},
	journal = {Proc. International Computer Music Conference},
  year = {2005},
  pages = {138-141},
  month = {sep.},
	url = {http://miracle.otago.ac.nz/tartini/papers/A_Smarter_Way_to_Find_Pitch.pdf},
	urlaccessdate = {30 sep. 2017},
}

@article{YINArticle,
	title = {{YIN}, a fundamental frequency estimator for speech and music},
	author = {Alain de Cheveign\'e and Hideki Kawahara},
	journal = {The Journal of the Acoustical Society of America},
  year = {2002},
  pages = {111},
  month = {jan.},
	url = {http://audition.ens.fr/adc/pdf/2002_JASA_YIN.pdf},
	urlaccessdate = {30 sep. 2017},
}

@unpublished{OpAmps,
	title = {A {S}ingle-{S}upply {O}p-{A}mp {C}ircuit {C}ollection},
	author = {Bruce Carter},
	year = {2000},
	month = {nov.},
	url = {http://electro.uv.es/asignaturas/ea2/archivos/sloa058.pdf},
	urlaccessdate = {30 sep. 2017},
}
